% The entry below contains non-ASCII chars that could not be converted
% to a LaTeX equivalent.
@ARTICLE{Endo2022-vj,
  title     = "Heavy-tailed sexual contact networks and monkeypox epidemiology
               in the global outbreak, 2022",
  author    = "Endo, Akira and Murayama, Hiroaki and Abbott, Sam and Ratnayake,
               Ruwan and Pearson, Carl A B and Edmunds, W John and Fearon,
               Elizabeth and Funk, Sebastian",
  journal   = "Science",
  publisher = "American Association for the Advancement of Science (AAAS)",
  volume    =  378,
  number    =  6615,
  pages     = "90--94",
  month     =  oct,
  year      =  2022,
  keywords  = "Monkeypox;⭐⭐⭐Important;HeterogeneousSuperspreading",
  language  = "en",
  issn      = "0036-8075, 1095-9203",
  pmid      = "36137054",
  doi       = "10.1126/science.add4507"
}

@ARTICLE{Goyal2021-xr,
  title    = "Viral load and contact heterogeneity predict {SARS-CoV-2}
              transmission and super-spreading events",
  author   = "Goyal, Ashish and Reeves, Daniel B and Cardozo-Ojeda, E Fabian
              and Schiffer, Joshua T and Mayer, Bryan T",
  journal  = "Elife",
  volume   =  10,
  month    =  feb,
  year     =  2021,
  keywords = "SARS-CoV-2; epidemiology; global health; human; infectious
              disease; mathematical modeling; microbiology; viral
              dynamics;HeterogeneousSuperspreading",
  language = "en",
  issn     = "2050-084X",
  pmid     = "33620317",
  doi      = "10.7554/eLife.63537",
  pmc      = "PMC7929560"
}

@ARTICLE{Levesque2020-lv,
  title    = "A model of {COVID-19} propagation based on a gamma subordinated
              negative binomial branching process",
  author   = "Levesque, J{\'e}r{\^o}me and Maybury, David W and Shaw, R H A
              David",
  journal  = "J. Theor. Biol.",
  pages    = "110536",
  month    =  nov,
  year     =  2020,
  keywords = "Bayesian inference; Branching processes; Infection disease
              propagation;HeterogeneousSuperspreading",
  language = "en",
  issn     = "0022-5193, 1095-8541",
  pmid     = "33186594",
  doi      = "10.1016/j.jtbi.2020.110536",
  pmc      = "PMC7654309"
}

@ARTICLE{Kucharski2015-lh,
  title     = "The role of superspreading in Middle East respiratory syndrome
               coronavirus ({MERS-CoV}) transmission",
  author    = "Kucharski, A J and Althaus, C L",
  journal   = "Eurosurveillance",
  publisher = "European Centre for Disease Prevention and Control",
  volume    =  20,
  number    =  25,
  pages     = "21167",
  month     =  jun,
  year      =  2015,
  keywords  = "COVID;HeterogeneousSuperspreading",
  issn      = "1560-7917",
  doi       = "10.2807/1560-7917.ES2015.20.25.21167"
}

@ARTICLE{Lewis2021-cj,
  title    = "Superspreading drives the {COVID} pandemic - and could help to
              tame it",
  author   = "Lewis, Dyani",
  journal  = "Nature",
  volume   =  590,
  number   =  7847,
  pages    = "544--546",
  month    =  feb,
  year     =  2021,
  keywords = "Epidemiology; SARS-CoV-2; Virology;HeterogeneousSuperspreading",
  language = "en",
  issn     = "0028-0836, 1476-4687",
  pmid     = "33623168",
  doi      = "10.1038/d41586-021-00460-x"
}

@ARTICLE{Hamner2020-zt,
  title    = "High {SARS-CoV-2} Attack Rate Following Exposure at a Choir
              Practice --- Skagit County, Washington, March 2020",
  author   = "Hamner, Lea and Dubbel, Polly and Capron, Ian and Ross, Andy and
              Jordan, Amber and Lee, Jaxon and Lynn, Joanne and Ball, Amelia
              and Narwal, Simranjit and Russell, Sam and Patrick, Dale and
              Leibrand, Howard",
  journal  = "MMWR Morb. Mortal. Wkly. Rep.",
  volume   =  69,
  number   =  19,
  pages    = "606--610",
  month    =  may,
  year     =  2020,
  keywords = "Critical Slowing Down;COVID;HeterogeneousSuperspreading",
  issn     = "0149-2195",
  doi      = "10.15585/mmwr.mm6919e6"
}

@ARTICLE{Lau2017-lr,
  title    = "Spatial and temporal dynamics of superspreading events in the
              2014--2015 West Africa Ebola epidemic",
  author   = "Lau, Max S Y and Dalziel, Benjamin Douglas and Funk, Sebastian
              and McClelland, Amanda and Tiffany, Amanda and Riley, Steven and
              Metcalf, C Jessica E and Grenfell, Bryan T",
  journal  = "Proceedings of the National Academy of Sciences",
  volume   =  114,
  number   =  9,
  year     =  2017,
  keywords = "Miscellaneous;HeterogeneousSuperspreading",
  issn     = "0027-8424",
  pmid     = "28193880",
  doi      = "10.1073/pnas.1614595114"
}

@MISC{VanderWaal2016-cw,
  title    = "Heterogeneity in pathogen transmission: mechanisms and
              methodology",
  author   = "VanderWaal, Kimberly L and Ezenwa, Vanessa O",
  journal  = "Functional Ecology",
  volume   =  30,
  number   =  10,
  year     =  2016,
  keywords = "RanavirusProject;Miscellaneous;HeterogeneousSuperspreading",
  issn     = "1365-2435",
  doi      = "10.1111/1365-2435.12645"
}

@BOOK{Diekmann2013-zu,
  title     = "Mathematical Tools for Understanding Infectious Disease Dynamics",
  author    = "Diekmann, Odo and Heesterbeek, Hans and Britton, Tom",
  publisher = "Princeton University Press",
  pages     = "502",
  year      =  2013,
  keywords  = "Dilution effect;HeterogeneousSuperspreading"
}

@ARTICLE{Meyers2006-vm,
  title    = "Contact network epidemiology: Bond percolation applied to
              infectious disease prediction and control",
  author   = "Meyers, Lauren Ancel",
  journal  = "Bull. Am. Math. Soc.",
  volume   =  44,
  number   =  01,
  pages    = "63--87",
  month    =  oct,
  year     =  2006,
  keywords = "Miscellaneous;HeterogeneousSuperspreading",
  issn     = "0273-0979",
  doi      = "10.1090/S0273-0979-06-01148-7"
}

@ARTICLE{Funk2010-zj,
  title    = "Modelling the influence of human behaviour on the spread of
              infectious diseases: a review",
  author   = "Funk, Sebastian and Salath{\'e}, Marcel and Jansen, Vincent A A",
  journal  = "J. R. Soc. Interface",
  volume   =  7,
  number   =  50,
  pages    = "1247--1256",
  month    =  sep,
  year     =  2010,
  keywords = "Attitude to Health; Communicable Disease Control; Communicable
              Diseases; Communicable Diseases: epidemiology; Communicable
              Diseases: psychology; Disease Transmission, Infectious; Human
              Activities; Humans; Models, Theoretical; Social Behavior;
              Vaccination; Vaccination:
              psychology;Miscellaneous;BehavioralResponsesVaccinationProject;HeterogeneousSuperspreading",
  issn     = "1742-5689, 1742-5662",
  pmid     = "20504800",
  doi      = "10.1098/rsif.2010.0142"
}

@ARTICLE{De_Serres2000-xj,
  title    = "Epidemiology of Transmissible Diseases after Elimination",
  author   = "De Serres, G and Gay, N J and Farrington, C P",
  journal  = "Am. J. Epidemiol.",
  volume   =  151,
  number   =  11,
  pages    = "1039--1048",
  month    =  jun,
  year     =  2000,
  keywords = "NIMBioS Project;Emergence;Elimination;HeterogeneousSuperspreading",
  issn     = "0002-9262",
  doi      = "10.1093/oxfordjournals.aje.a010145"
}

@ARTICLE{Nishiura2012-cf,
  title    = "Estimating the transmission potential of supercritical processes
              based on the final size distribution of minor outbreaks",
  author   = "Nishiura, Hiroshi and Yan, Ping and Sleeman, Candace K and Mode,
              Charles J",
  journal  = "J. Theor. Biol.",
  volume   =  294,
  pages    = "48--55",
  month    =  feb,
  year     =  2012,
  keywords = "Zotero - Zotero
              Library;Emergence;Elimination;HeterogeneousSuperspreading",
  issn     = "0022-5193",
  doi      = "10.1016/j.jtbi.2011.10.039"
}

@ARTICLE{Farrington2003-tc,
  title    = "Branching process models for surveillance of infectious diseases
              controlled by mass vaccination",
  author   = "Farrington, C P and Kanaan, M N and Gay, N J",
  journal  = "Biostatistics",
  volume   =  4,
  number   =  2,
  pages    = "279--295",
  month    =  apr,
  year     =  2003,
  keywords = "Emergence;HeterogeneousSuperspreading",
  language = "en",
  issn     = "1465-4644, 1468-4357",
  pmid     = "12925522",
  doi      = "10.1093/biostatistics/4.2.279"
}

@ARTICLE{Blumberg2013-xv,
  title    = "Inference of R(0) and transmission heterogeneity from the size
              distribution of stuttering chains",
  author   = "Blumberg, Seth and Lloyd-Smith, James O",
  journal  = "PLoS Comput. Biol.",
  volume   =  9,
  number   =  5,
  pages    = "e1002993",
  month    =  jan,
  year     =  2013,
  keywords = "Animals; Cluster Analysis; Computer Simulation; Contact Tracing;
              Democratic Republic of the Congo; Disease Transmission,
              Infectious; Humans; Models, Biological; Models, Statistical;
              Monkeypox; Monkeypox: transmission; Zoonoses; Zoonoses:
              transmission;Monkeypox;NIMBioS
              Project;Emergence;Miscellaneous;HeterogeneousSuperspreading",
  issn     = "1553-734X, 1553-7358",
  pmid     = "23658504",
  doi      = "10.1371/journal.pcbi.1002993"
}

@ARTICLE{Lloyd2001-eq,
  title    = "Realistic Distributions of Infectious Periods in Epidemic Models:
              Changing Patterns of Persistence and Dynamics",
  author   = "Lloyd, Alun L",
  journal  = "Theor. Popul. Biol.",
  volume   =  60,
  number   =  1,
  pages    = "59--71",
  month    =  aug,
  year     =  2001,
  keywords = "RanavirusProject;RV Modeling papers;HeterogeneousSuperspreading",
  issn     = "0040-5809",
  doi      = "10.1006/tpbi.2001.1525"
}

@BOOK{Keeling2008-sh,
  title     = "Modeling infectious diseases in humans and animals",
  author    = "Keeling, Matthew James and Rohani, Pejman",
  publisher = "Princeton University Press",
  year      =  2008,
  address   = "Princeton",
  keywords  = "Miscellaneous;HeterogeneousSuperspreading",
  language  = "English",
  isbn      = "9780691116174"
}

@ARTICLE{Lloyd-Smith2005-ma,
  title    = "Superspreading and the effect of individual variation on disease
              emergence",
  author   = "Lloyd-Smith, J O and Schreiber, S J and Kopp, P E and Getz, W M",
  journal  = "Nature",
  volume   =  438,
  number   =  7066,
  pages    = "355--359",
  month    =  nov,
  year     =  2005,
  keywords = "Emergence;HeterogeneousSuperspreading",
  language = "en",
  issn     = "0028-0836",
  doi      = "10.1038/nature04153"
}

@ARTICLE{Cross2007-pv,
  title    = "Utility of {R0} as a predictor of disease invasion in structured
              populations",
  author   = "Cross, Paul C and Johnson, Philip L F and Lloyd-Smith, James O
              and Getz, Wayne M",
  journal  = "J. R. Soc. Interface",
  volume   =  4,
  number   =  13,
  pages    = "315--324",
  month    =  apr,
  year     =  2007,
  keywords = "Basic Reproduction Number; Computer Simulation; Disease
              Outbreaks; Humans; Models, Theoretical; Population
              Dynamics;Miscellaneous;NIMBioS
              Project;HeterogeneousSuperspreading",
  issn     = "1742-5689",
  pmid     = "17251146",
  doi      = "10.1098/rsif.2006.0185"
}

@ARTICLE{Wearing2005-oo,
  title    = "Appropriate Models for the Management of Infectious Diseases",
  author   = "Wearing, Helen J and Rohani, Pejman and Keeling, Matt J",
  journal  = "PLoS Med.",
  volume   =  2,
  number   =  7,
  pages    = "e174",
  month    =  jul,
  year     =  2005,
  keywords = "RV Modeling papers;RanavirusProject;HeterogeneousSuperspreading",
  issn     = "1549-1277",
  doi      = "10.1371/journal.pmed.0020174"
}

@ARTICLE{Wong2020-im,
  title    = "Evidence that coronavirus superspreading is fat-tailed",
  author   = "Wong, Felix and Collins, James J",
  journal  = "Proc. Natl. Acad. Sci. U. S. A.",
  volume   =  117,
  number   =  47,
  pages    = "29416--29418",
  month    =  nov,
  year     =  2020,
  keywords = "COVID-19; SARS-CoV-2; extreme value theory; infectious disease;
              superspreading;HeterogeneousSuperspreading",
  language = "en",
  issn     = "0027-8424, 1091-6490",
  pmid     = "33139561",
  doi      = "10.1073/pnas.2018490117",
  pmc      = "PMC7703634"
}

@ARTICLE{Lau2020-nu,
  title    = "Characterizing superspreading events and age-specific
              infectiousness of {SARS-CoV-2} transmission in Georgia, {USA}",
  author   = "Lau, Max S Y and Grenfell, Bryan and Thomas, Michael and Bryan,
              Michael and Nelson, Kristin and Lopman, Ben",
  journal  = "Proc. Natl. Acad. Sci. U. S. A.",
  volume   =  117,
  number   =  36,
  pages    = "22430--22435",
  month    =  sep,
  year     =  2020,
  keywords = "SARS-CoV-2; age-specific infectiousness; mobility data; social
              distancing; superspreading;HeterogeneousSuperspreading",
  language = "en",
  issn     = "0027-8424, 1091-6490",
  pmid     = "32820074",
  doi      = "10.1073/pnas.2011802117",
  pmc      = "PMC7486752"
}

@ARTICLE{Liu2020-op,
  title    = "Secondary attack rate and superspreading events for {SARS-CoV-2}",
  author   = "Liu, Yang and Eggo, Rosalind M and Kucharski, Adam J",
  journal  = "Lancet",
  volume   =  395,
  number   =  10227,
  pages    = "e47",
  month    =  mar,
  year     =  2020,
  keywords = "HeterogeneousSuperspreading",
  language = "en",
  issn     = "0140-6736, 1474-547X",
  pmid     = "32113505",
  doi      = "10.1016/S0140-6736(20)30462-1",
  pmc      = "PMC7158947"
}

@ARTICLE{Althouse2020-dn,
  title    = "Superspreading events in the transmission dynamics of
              {SARS-CoV-2}: Opportunities for interventions and control",
  author   = "Althouse, Benjamin M and Wenger, Edward A and Miller, Joel C and
              Scarpino, Samuel V and Allard, Antoine and H{\'e}bert-Dufresne,
              Laurent and Hu, Hao",
  journal  = "PLoS Biol.",
  volume   =  18,
  number   =  11,
  pages    = "e3000897",
  month    =  nov,
  year     =  2020,
  keywords = "HeterogeneousSuperspreading",
  language = "en",
  issn     = "1544-9173, 1545-7885",
  pmid     = "33180773",
  doi      = "10.1371/journal.pbio.3000897",
  pmc      = "PMC7685463"
}

@ARTICLE{Rader2020-oi,
  title    = "Crowding and the shape of {COVID-19} epidemics",
  author   = "Rader, Benjamin and Scarpino, Samuel V and Nande, Anjalika and
              Hill, Alison L and Adlam, Ben and Reiner, Robert C and Pigott,
              David M and Gutierrez, Bernardo and Zarebski, Alexander E and
              Shrestha, Munik and Brownstein, John S and Castro, Marcia C and
              Dye, Christopher and Tian, Huaiyu and Pybus, Oliver G and
              Kraemer, Moritz U G",
  journal  = "Nat. Med.",
  volume   =  26,
  number   =  12,
  pages    = "1829--1834",
  month    =  dec,
  year     =  2020,
  keywords = "HeterogeneousSuperspreading;GravityModel",
  language = "en",
  issn     = "1078-8956, 1546-170X",
  pmid     = "33020651",
  doi      = "10.1038/s41591-020-1104-0"
}

@ARTICLE{Gosgens2021-ib,
  title    = "Trade-offs between mobility restrictions and transmission of
              {SARS-CoV-2}",
  author   = "G{\"o}sgens, Martijn and Hendriks, Teun and Boon, Marko and
              Steenbakkers, Wim and Heesterbeek, Hans and van der Hofstad,
              Remco and Litvak, Nelly",
  journal  = "J. R. Soc. Interface",
  volume   =  18,
  number   =  175,
  pages    = "20200936",
  month    =  feb,
  year     =  2021,
  keywords = "SARS-CoV-2; compartmental models; epidemiology; mobility
              restrictions; simulation study;HeterogeneousSuperspreading",
  language = "en",
  issn     = "1742-5689, 1742-5662",
  pmid     = "33622148",
  doi      = "10.1098/rsif.2020.0936"
}

@ARTICLE{Ciavarella2021-id,
  title    = "Deriving fine-scale models of human mobility from aggregated
              origin-destination flow data",
  author   = "Ciavarella, Constanze and Ferguson, Neil M",
  journal  = "PLoS Comput. Biol.",
  volume   =  17,
  number   =  2,
  pages    = "e1008588",
  month    =  feb,
  year     =  2021,
  keywords = "HeterogeneousSuperspreading;GravityModel",
  language = "en",
  issn     = "1553-734X, 1553-7358",
  pmid     = "33571187",
  doi      = "10.1371/journal.pcbi.1008588",
  pmc      = "PMC7920350"
}

@ARTICLE{Kain2020-dn,
  title    = "Chopping the tail: how preventing superspreading can help to
              maintain {COVID-19} control",
  author   = "Kain, Morgan P and Childs, Marissa L and Becker, Alexander D and
              Mordecai, Erin A",
  journal  = "medRxiv",
  month    =  jul,
  year     =  2020,
  keywords = "HeterogeneousSuperspreading",
  language = "en",
  pmid     = "32637966",
  doi      = "10.1101/2020.06.30.20143115",
  pmc      = "PMC7340192"
}

@ARTICLE{Sneppen2021-mr,
  title    = "Overdispersion in {COVID-19} increases the effectiveness of
              limiting nonrepetitive contacts for transmission control",
  author   = "Sneppen, Kim and Nielsen, Bjarke Frost and Taylor, Robert J and
              Simonsen, Lone",
  journal  = "Proc. Natl. Acad. Sci. U. S. A.",
  volume   =  118,
  number   =  14,
  month    =  apr,
  year     =  2021,
  keywords = "mitigation strategies; overdispersion; pandemic; social networks;
              superspreading;HeterogeneousSuperspreading",
  language = "en",
  issn     = "0027-8424, 1091-6490",
  pmid     = "33741734",
  doi      = "10.1073/pnas.2016623118"
}

@ARTICLE{Galvani2005-rn,
  title    = "Epidemiology: dimensions of superspreading",
  author   = "Galvani, Alison P and May, Robert M",
  journal  = "Nature",
  volume   =  438,
  number   =  7066,
  pages    = "293--295",
  month    =  nov,
  year     =  2005,
  keywords = "HeterogeneousSuperspreading",
  language = "en",
  issn     = "0028-0836, 1476-4687",
  pmid     = "16292292",
  doi      = "10.1038/438293a",
  pmc      = "PMC7095140"
}

@ARTICLE{Chen2021-wo,
  title    = "Heterogeneity in transmissibility and shedding {SARS-CoV-2} via
              droplets and aerosols",
  author   = "Chen, Paul Z and Bobrovitz, Niklas and Premji, Zahra and
              Koopmans, Marion and Fisman, David N and Gu, Frank X",
  journal  = "Elife",
  volume   =  10,
  month    =  apr,
  year     =  2021,
  keywords = "epidemiology; global health; infectious disease; microbiology;
              none;HeterogeneousSuperspreading",
  language = "en",
  issn     = "2050-084X",
  pmid     = "33861198",
  doi      = "10.7554/eLife.65774"
}

@ARTICLE{Ezenwa2016-jf,
  title     = "Host behaviour--parasite feedback: an essential link between
               animal behaviour and disease ecology",
  author    = "Ezenwa, Vanessa O and Archie, Elizabeth A and Craft, Meggan E
               and Hawley, Dana M and Martin, Lynn B and Moore, Janice and
               White, Lauren",
  journal   = "Proceedings of the Royal Society B: Biological Sciences",
  publisher = "Royal Society",
  volume    =  283,
  number    =  1828,
  pages     = "20153078",
  month     =  apr,
  year      =  2016,
  keywords  = "AmNatEnviroTrans;HeterogeneousSuperspreading",
  doi       = "10.1098/rspb.2015.3078"
}

@ARTICLE{White2018-bq,
  title     = "Covariation between the physiological and behavioral components
               of pathogen transmission: host heterogeneity determines epidemic
               outcomes",
  author    = "White, Lauren A and Forester, James D and Craft, Meggan E",
  journal   = "Oikos",
  publisher = "Wiley",
  volume    =  127,
  number    =  4,
  pages     = "538--552",
  month     =  apr,
  year      =  2018,
  keywords  = "HeterogeneousSuperspreading",
  copyright = "http://onlinelibrary.wiley.com/termsAndConditions\#vor",
  language  = "en",
  issn      = "0030-1299, 1600-0706",
  doi       = "10.1111/oik.04527"
}

@ARTICLE{Yang2021-ks,
  title    = "Just 2\% of {SARS-CoV-2-positive} individuals carry 90\% of the
              virus circulating in communities",
  author   = "Yang, Qing and Saldi, Tassa K and Gonzales, Patrick K and Lasda,
              Erika and Decker, Carolyn J and Tat, Kimngan L and Fink, Morgan R
              and Hager, Cole R and Davis, Jack C and Ozeroff, Christopher D
              and Muhlrad, Denise and Clark, Stephen K and Fattor, Will T and
              Meyerson, Nicholas R and Paige, Camille L and Gilchrist, Alison R
              and Barbachano-Guerrero, Arturo and Worden-Sapper, Emma R and Wu,
              Sharon S and Brisson, Gloria R and McQueen, Matthew B and Dowell,
              Robin D and Leinwand, Leslie and Parker, Roy and Sawyer, Sara L",
  journal  = "Proc. Natl. Acad. Sci. U. S. A.",
  volume   =  118,
  number   =  21,
  month    =  may,
  year     =  2021,
  keywords = "SARS-CoV-2; transmission; viral load;HeterogeneousSuperspreading",
  language = "en",
  issn     = "0027-8424, 1091-6490",
  pmid     = "33972412",
  doi      = "10.1073/pnas.2104547118"
}

@ARTICLE{Ejima2021-ow,
  title    = "Time variation in the probability of failing to detect a case of
              polymerase chain reaction testing for {SARS-CoV-2} as estimated
              from a viral dynamics model",
  author   = "Ejima, Keisuke and Kim, Kwang Su and Iwanami, Shoya and Fujita,
              Yasuhisa and Li, Ming and Zoh, Roger S and Aihara, Kazuyuki and
              Miyazaki, Taiga and Wakita, Takaji and Iwami, Shingo",
  journal  = "J. R. Soc. Interface",
  volume   =  18,
  number   =  177,
  pages    = "20200947",
  month    =  apr,
  year     =  2021,
  keywords = "COVID-19; PCR test; false-negative rate; virus
              dynamics;HeterogeneousSuperspreading",
  language = "en",
  issn     = "1742-5689, 1742-5662",
  pmid     = "33878277",
  doi      = "10.1098/rsif.2020.0947",
  pmc      = "PMC8086922"
}

@ARTICLE{Drake2021-vi,
  title    = "Five approaches to the suppression of {SARS-CoV-2} without
              intensive social distancing",
  author   = "Drake, John M and Dahlin, Kyle and Rohani, Pejman and Handel,
              Andreas",
  journal  = "Proc. Biol. Sci.",
  volume   =  288,
  number   =  1949,
  pages    = "20203074",
  month    =  apr,
  year     =  2021,
  keywords = "COVID-19; SARS-CoV-2; coronavirus; non-pharmaceutical
              interventions;HeterogeneousSuperspreading",
  language = "en",
  issn     = "0962-8452, 1471-2954",
  pmid     = "33906405",
  doi      = "10.1098/rspb.2020.3074",
  pmc      = "PMC8080008"
}

@ARTICLE{Jones2021-rk,
  title    = "Estimating infectiousness throughout {SARS-CoV-2} infection
              course",
  author   = "Jones, Terry C and Biele, Guido and M{\"u}hlemann, Barbara and
              Veith, Talitha and Schneider, Julia and Beheim-Schwarzbach,
              J{\"o}rn and Bleicker, Tobias and Tesch, Julia and Schmidt, Marie
              Luisa and Sander, Leif Erik and Kurth, Florian and Menzel, Peter
              and Schwarzer, Rolf and Zuchowski, Marta and Hofmann, J{\"o}rg
              and Krumbholz, Andi and Stein, Angela and Edelmann, Anke and
              Corman, Victor Max and Drosten, Christian",
  journal  = "Science",
  volume   =  373,
  number   =  6551,
  month    =  jul,
  year     =  2021,
  keywords = "HeterogeneousSuperspreading",
  language = "en",
  issn     = "0036-8075, 1095-9203",
  pmid     = "34035154",
  doi      = "10.1126/science.abi5273"
}

@UNPUBLISHED{Randall2021-nc,
  title    = "How Did We Get Here: What Are Droplets and Aerosols and How Far
              Do They Go? A Historical Perspective on the Transmission of
              Respiratory Infectious Diseases",
  author   = "Randall, Katherine and Ewing, E Thomas and Marr, Linsey and
              Jimenez, Jose and Bourouiba, L",
  month    =  apr,
  year     =  2021,
  keywords = "COVID-19, aerosols, droplets, transmission,
              history;HeterogeneousSuperspreading"
}

@ARTICLE{Kremer2021-bi,
  title    = "Quantifying superspreading for {COVID-19} using Poisson mixture
              distributions",
  author   = "Kremer, C{\'e}cile and Torneri, Andrea and Boesmans, Sien and
              Meuwissen, Hanne and Verdonschot, Selina and Vanden Driessche,
              Koen and Althaus, Christian L and Faes, Christel and Hens, Niel",
  journal  = "Sci. Rep.",
  volume   =  11,
  number   =  1,
  pages    = "14107",
  month    =  jul,
  year     =  2021,
  keywords = "HeterogeneousSuperspreading",
  language = "en",
  issn     = "2045-2322",
  pmid     = "34238978",
  doi      = "10.1038/s41598-021-93578-x",
  pmc      = "PMC8266910"
}

@ARTICLE{Tupper2021-kp,
  title    = "{COVID-19} in schools: Mitigating classroom clusters in the
              context of variable transmission",
  author   = "Tupper, Paul and Colijn, Caroline",
  journal  = "PLoS Comput. Biol.",
  volume   =  17,
  number   =  7,
  pages    = "e1009120",
  month    =  jul,
  year     =  2021,
  keywords = "HeterogeneousSuperspreading",
  language = "en",
  issn     = "1553-734X, 1553-7358",
  pmid     = "34237051",
  doi      = "10.1371/journal.pcbi.1009120",
  pmc      = "PMC8266060"
}

@ARTICLE{Brooks-Pollock2020-lt,
  title    = "A model of tuberculosis clustering in low incidence countries
              reveals more transmission in the United Kingdom than the
              Netherlands between 2010 and 2015",
  author   = "Brooks-Pollock, Ellen and Danon, Leon and Korthals Altes, Hester
              and Davidson, Jennifer A and Pollock, Andrew M T and van
              Soolingen, Dick and Campbell, Colin and Lalor, Maeve K",
  journal  = "PLoS Comput. Biol.",
  volume   =  16,
  number   =  3,
  pages    = "e1007687",
  month    =  mar,
  year     =  2020,
  keywords = "HeterogeneousSuperspreading",
  language = "en",
  issn     = "1553-734X, 1553-7358",
  pmid     = "32218567",
  doi      = "10.1371/journal.pcbi.1007687",
  pmc      = "PMC7141699"
}

@ARTICLE{Endo2020-td,
  title    = "Estimating the overdispersion in {COVID-19} transmission using
              outbreak sizes outside China",
  author   = "Endo, Akira and {Centre for the Mathematical Modelling of
              Infectious Diseases COVID-19 Working Group} and Abbott, Sam and
              Kucharski, Adam J and Funk, Sebastian",
  journal  = "Wellcome Open Res",
  volume   =  5,
  pages    = "67",
  month    =  jul,
  year     =  2020,
  keywords = "COVID-19; SARS-CoV-2; branching process; novel coronavirus;
              overdispersion; superspreading;HeterogeneousSuperspreading",
  language = "en",
  issn     = "2398-502X",
  pmid     = "32685698",
  doi      = "10.12688/wellcomeopenres.15842.3",
  pmc      = "PMC7338915"
}

@ARTICLE{Chen2021-nx,
  title    = "Understanding why superspreading drives the {COVID-19} pandemic
              but not the {H1N1} pandemic",
  author   = "Chen, Paul Z and Koopmans, Marion and Fisman, David N and Gu,
              Frank X",
  journal  = "Lancet Infect. Dis.",
  month    =  aug,
  year     =  2021,
  keywords = "HeterogeneousSuperspreading",
  language = "en",
  issn     = "1473-3099, 1474-4457",
  pmid     = "34352224",
  doi      = "10.1016/S1473-3099(21)00406-0",
  pmc      = "PMC8328407"
}

@MISC{Jagers2015-bs,
  title     = "Branching Processes",
  booktitle = "Wiley {StatsRef}: Statistics Reference Online",
  author    = "Jagers, Peter",
  publisher = "Wiley",
  pages     = "1--3",
  month     =  jun,
  year      =  2015,
  keywords  = "HeterogeneousSuperspreading",
  isbn      = "9781118445112",
  doi       = "10.1002/9781118445112.stat05060.pub2"
}

@ARTICLE{Buckee2021-ne,
  title    = "Thinking clearly about social aspects of infectious disease
              transmission",
  author   = "Buckee, Caroline and Noor, Abdisalan and Sattenspiel, Lisa",
  journal  = "Nature",
  volume   =  595,
  number   =  7866,
  pages    = "205--213",
  month    =  jul,
  year     =  2021,
  keywords = "HeterogeneousSuperspreading;GravityModel",
  language = "en",
  issn     = "0028-0836, 1476-4687",
  pmid     = "34194045",
  doi      = "10.1038/s41586-021-03694-x"
}

@ARTICLE{Hart2021-rk,
  title    = "High infectiousness immediately before {COVID-19} symptom onset
              highlights the importance of continued contact tracing",
  author   = "Hart, William S and Maini, Philip K and Thompson, Robin N",
  journal  = "Elife",
  volume   =  10,
  month    =  apr,
  year     =  2021,
  keywords = "COVID-19; contact tracing; epidemiology; generation time; global
              health; infectiousness profile; mathematical modelling;
              presymptomatic transmission; virus;HeterogeneousSuperspreading",
  language = "en",
  issn     = "2050-084X",
  pmid     = "33899740",
  doi      = "10.7554/eLife.65534",
  pmc      = "PMC8195606"
}

@ARTICLE{Mallapaty2021-bq,
  title     = "Delta's rise is fuelled by rampant spread from people who feel
               fine",
  author    = "Mallapaty, Smriti",
  journal   = "Nature",
  publisher = "Nature Publishing Group",
  month     =  aug,
  year      =  2021,
  keywords  = "HeterogeneousSuperspreading",
  language  = "en",
  issn      = "0028-0836",
  doi       = "10.1038/d41586-021-02259-2"
}

@ARTICLE{Rock2014-nc,
  title    = "Dynamics of infectious diseases",
  author   = "Rock, Kat and Brand, Sam and Moir, Jo and Keeling, Matt J",
  journal  = "Rep. Prog. Phys.",
  volume   =  77,
  number   =  2,
  pages    = "026602",
  month    =  jan,
  year     =  2014,
  keywords = "HeterogeneousSuperspreading",
  language = "en",
  issn     = "1361-6633, 0034-4885",
  pmid     = "24444713",
  doi      = "10.1088/0034-4885/77/2/026602"
}

@ARTICLE{Epstein2008-ap,
  title    = "Coupled contagion dynamics of fear and disease: mathematical and
              computational explorations",
  author   = "Epstein, Joshua M and Parker, Jon and Cummings, Derek and
              Hammond, Ross A",
  journal  = "PLoS One",
  volume   =  3,
  number   =  12,
  pages    = "e3955",
  month    =  dec,
  year     =  2008,
  keywords = "HeterogeneousSuperspreading",
  language = "en",
  issn     = "1932-6203",
  pmid     = "19079607",
  doi      = "10.1371/journal.pone.0003955",
  pmc      = "PMC2596968"
}

@ARTICLE{Adam2020-xk,
  title    = "Clustering and superspreading potential of {SARS-CoV-2}
              infections in Hong Kong",
  author   = "Adam, Dillon C and Wu, Peng and Wong, Jessica Y and Lau, Eric H Y
              and Tsang, Tim K and Cauchemez, Simon and Leung, Gabriel M and
              Cowling, Benjamin J",
  journal  = "Nat. Med.",
  volume   =  26,
  number   =  11,
  pages    = "1714--1719",
  month    =  nov,
  year     =  2020,
  keywords = "HeterogeneousSuperspreading",
  language = "en",
  issn     = "1078-8956, 1546-170X",
  pmid     = "32943787",
  doi      = "10.1038/s41591-020-1092-0"
}

@ARTICLE{Hellewell2020-go,
  title    = "Feasibility of controlling {COVID-19} outbreaks by isolation of
              cases and contacts",
  author   = "Hellewell, Joel and Abbott, Sam and Gimma, Amy and Bosse, Nikos I
              and Jarvis, Christopher I and Russell, Timothy W and Munday,
              James D and Kucharski, Adam J and Edmunds, W John and {Centre for
              the Mathematical Modelling of Infectious Diseases COVID-19
              Working Group} and Funk, Sebastian and Eggo, Rosalind M",
  journal  = "Lancet Glob Health",
  volume   =  8,
  number   =  4,
  pages    = "e488--e496",
  month    =  apr,
  year     =  2020,
  keywords = "HeterogeneousSuperspreading",
  language = "en",
  issn     = "2214-109X",
  pmid     = "32119825",
  doi      = "10.1016/S2214-109X(20)30074-7",
  pmc      = "PMC7097845"
}

@ARTICLE{Sah2021-is,
  title    = "Asymptomatic {SARS-CoV-2} infection: A systematic review and
              meta-analysis",
  author   = "Sah, Pratha and Fitzpatrick, Meagan C and Zimmer, Charlotte F and
              Abdollahi, Elaheh and Juden-Kelly, Lyndon and Moghadas, Seyed M
              and Singer, Burton H and Galvani, Alison P",
  journal  = "Proc. Natl. Acad. Sci. U. S. A.",
  volume   =  118,
  number   =  34,
  month    =  aug,
  year     =  2021,
  keywords = "asymptomatic fraction; comorbidity; novel coronavirus;
              presymptomatic; silent transmission;HeterogeneousSuperspreading",
  language = "en",
  issn     = "0027-8424, 1091-6490",
  pmid     = "34376550",
  doi      = "10.1073/pnas.2109229118"
}

@ARTICLE{Illingworth2021-rz,
  title    = "Superspreaders drive the largest outbreaks of hospital onset
              {COVID-19} infections",
  author   = "Illingworth, Jr, Christopher and Hamilton, William L and Warne,
              Ben and Routledge, Matthew and Popay, Ashley and Jackson, Chris
              and Fieldman, Tom and Meredith, Luke W and Houldcroft, Charlotte
              J and Hosmillo, Myra and Jahun, Aminu S and Caller, Laura G and
              Caddy, Sarah L and Yakovleva, Anna and Hall, Grant and Khokhar,
              Fahad A and Feltwell, Theresa and Pinckert, Malte L and Georgana,
              Iliana and Chaudhry, Yasmin and Curran, Martin D and Parmar,
              Surendra and Sparkes, Dominic and Rivett, Lucy and Jones, Nick K
              and Sridhar, Sushmita and Forrest, Sally and Dymond, Tom and
              Grainger, Kayleigh and Workman, Chris and Ferris, Mark and
              Gkrania-Klotsas, Effrossyni and Brown, Nicholas M and Weekes,
              Michael P and Baker, Stephen and Peacock, Sharon J and
              Goodfellow, Ian G and Gouliouris, Theodore and de Angelis,
              Daniela and T{\"o}r{\"o}k, M Est{\'e}e",
  journal  = "Elife",
  volume   =  10,
  month    =  aug,
  year     =  2021,
  keywords = "SARS-CoV-2; evolutionary biology; hospital; infectious disease;
              microbiology; nosocomial transmission; superspreader;
              virus;HeterogeneousSuperspreading",
  language = "en",
  issn     = "2050-084X",
  pmid     = "34425938",
  doi      = "10.7554/eLife.67308"
}

@ARTICLE{Lemieux2021-ow,
  title    = "Phylogenetic analysis of {SARS-CoV-2} in Boston highlights the
              impact of superspreading events",
  author   = "Lemieux, Jacob E and Siddle, Katherine J and Shaw, Bennett M and
              Loreth, Christine and Schaffner, Stephen F and Gladden-Young,
              Adrianne and Adams, Gordon and Fink, Timelia and Tomkins-Tinch,
              Christopher H and Krasilnikova, Lydia A and DeRuff, Katherine C
              and Rudy, Melissa and Bauer, Matthew R and Lagerborg, Kim A and
              Normandin, Erica and Chapman, Sin{\'e}ad B and Reilly, Steven K
              and Anahtar, Melis N and Lin, Aaron E and Carter, Amber and
              Myhrvold, Cameron and Kemball, Molly E and Chaluvadi, Sushma and
              Cusick, Caroline and Flowers, Katelyn and Neumann, Anna and
              Cerrato, Felecia and Farhat, Maha and Slater, Damien and Harris,
              Jason B and Branda, John A and Hooper, David and Gaeta, Jessie M
              and Baggett, Travis P and O'Connell, James and Gnirke, Andreas
              and Lieberman, Tami D and Philippakis, Anthony and Burns, Meagan
              and Brown, Catherine M and Luban, Jeremy and Ryan, Edward T and
              Turbett, Sarah E and LaRocque, Regina C and Hanage, William P and
              Gallagher, Glen R and Madoff, Lawrence C and Smole, Sandra and
              Pierce, Virginia M and Rosenberg, Eric and Sabeti, Pardis C and
              Park, Daniel J and MacInnis, Bronwyn L",
  journal  = "Science",
  volume   =  371,
  number   =  6529,
  month    =  feb,
  year     =  2021,
  keywords = "HeterogeneousSuperspreading",
  language = "en",
  issn     = "0036-8075, 1095-9203",
  pmid     = "33303686",
  doi      = "10.1126/science.abe3261",
  pmc      = "PMC7857412"
}

@BOOK{Mode2000-hp,
  title     = "Stochastic Processes in Epidemiology: {HIV/AIDS}, Other
               Infectious Diseases and Computers",
  author    = "Mode, Charles J and Sleeman, Candace K",
  publisher = "World Scientific",
  year      =  2000,
  keywords  = "HeterogeneousSuperspreading"
}

@ARTICLE{Bedson2021-xx,
  title    = "A review and agenda for integrated disease models including
              social and behavioural factors",
  author   = "Bedson, Jamie and Skrip, Laura A and Pedi, Danielle and
              Abramowitz, Sharon and Carter, Simone and Jalloh, Mohamed F and
              Funk, Sebastian and Gobat, Nina and Giles-Vernick, Tamara and
              Chowell, Gerardo and de Almeida, Jo{\~a}o Rangel and Elessawi,
              Rania and Scarpino, Samuel V and Hammond, Ross A and Briand,
              Sylvie and Epstein, Joshua M and H{\'e}bert-Dufresne, Laurent and
              Althouse, Benjamin M",
  journal  = "Nat Hum Behav",
  volume   =  5,
  number   =  7,
  pages    = "834--846",
  month    =  jul,
  year     =  2021,
  keywords = "HeterogeneousSuperspreading",
  language = "en",
  issn     = "2397-3374",
  pmid     = "34183799",
  doi      = "10.1038/s41562-021-01136-2"
}

@UNPUBLISHED{Taube2021-db,
  title       = "An open-access database of infectious disease transmission
                 trees to explore superspreader epidemiology",
  author      = "Taube, Juliana C and Miller, Paige B and Drake, John M",
  journal     = "bioRxiv",
  institution = "medRxiv",
  month       =  jan,
  year        =  2021,
  keywords    = "HeterogeneousSuperspreading",
  doi         = "10.1101/2021.01.11.21249622"
}

@ARTICLE{Allard2020-jx,
  title         = "The role of directionality, heterogeneity and correlations
                   in epidemic risk and spread",
  author        = "Allard, Antoine and Moore, Cristopher and Scarpino, Samuel V
                   and Althouse, Benjamin M and H{\'e}bert-Dufresne, Laurent",
  month         =  may,
  year          =  2020,
  keywords      = "HeterogeneousSuperspreading",
  archivePrefix = "arXiv",
  eprint        = "2005.11283",
  primaryClass  = "physics.soc-ph",
  arxivid       = "2005.11283"
}

@ARTICLE{James2021-bw,
  title    = "A structured model for {COVID-19} spread: modelling age and
              healthcare inequities",
  author   = "James, A and Plank, M J and Binny, R N and Lustig, A and Hannah,
              K and Hendy, S C and Steyn, N",
  journal  = "Math. Med. Biol.",
  volume   =  38,
  number   =  3,
  pages    = "299--313",
  month    =  aug,
  year     =  2021,
  keywords = "COVID-19; branching process; coronavirus; epidemiological
              modelling;HeterogeneousSuperspreading",
  language = "en",
  issn     = "1477-8599, 1477-8602",
  pmid     = "34002201",
  doi      = "10.1093/imammb/dqab006",
  pmc      = "PMC8194522"
}

@ARTICLE{Davies2020-fp,
  title    = "Effects of non-pharmaceutical interventions on {COVID-19} cases,
              deaths, and demand for hospital services in the {UK}: a modelling
              study",
  author   = "Davies, Nicholas G and Kucharski, Adam J and Eggo, Rosalind M and
              Gimma, Amy and Edmunds, W John and {Centre for the Mathematical
              Modelling of Infectious Diseases COVID-19 working group}",
  journal  = "Lancet Public Health",
  volume   =  5,
  number   =  7,
  pages    = "e375--e385",
  month    =  jul,
  year     =  2020,
  keywords = "HeterogeneousSuperspreading",
  language = "en",
  issn     = "2468-2667",
  pmid     = "32502389",
  doi      = "10.1016/S2468-2667(20)30133-X",
  pmc      = "PMC7266572"
}

@ARTICLE{Britton2009-tt,
  title    = "Epidemic modelling: aspects where stochasticity matters",
  author   = "Britton, Tom and Lindenstrand, David",
  journal  = "Math. Biosci.",
  volume   =  222,
  number   =  2,
  pages    = "109--116",
  month    =  dec,
  year     =  2009,
  keywords = "HeterogeneousSuperspreading",
  language = "en",
  issn     = "0025-5564, 1879-3134",
  pmid     = "19837097",
  doi      = "10.1016/j.mbs.2009.10.001"
}

@ARTICLE{Anderson1980-vq,
  title     = "On the Spread of a Disease with Gamma Distributed Latent and
               Infectious Periods",
  author    = "Anderson, Dorothy and Watson, Ray",
  journal   = "Biometrika",
  publisher = "[Oxford University Press, Biometrika Trust]",
  volume    =  67,
  number    =  1,
  pages     = "191--198",
  year      =  1980,
  keywords  = "HeterogeneousSuperspreading",
  issn      = "0006-3444",
  doi       = "10.2307/2335333"
}

@ARTICLE{Czuppon2021-hc,
  title    = "The stochastic dynamics of early epidemics: probability of
              establishment, initial growth rate, and infection cluster size at
              first detection",
  author   = "Czuppon, Peter and Schertzer, Emmanuel and Blanquart, Fran{\c
              c}ois and D{\'e}barre, Florence",
  journal  = "J. R. Soc. Interface",
  volume   =  18,
  number   =  184,
  pages    = "20210575",
  month    =  nov,
  year     =  2021,
  keywords = "early epidemic dynamics; establishment probability; mass testing;
              renewal equation; testing frequency; timing of
              detection;HeterogeneousSuperspreading",
  language = "en",
  issn     = "1742-5689, 1742-5662",
  pmid     = "34784776",
  doi      = "10.1098/rsif.2021.0575",
  pmc      = "PMC8596012"
}

@ARTICLE{Samet2021-py,
  title    = "{SARS-CoV-2} indoor air transmission is a threat that can be
              addressed with science",
  author   = "Samet, Jonathan M and Burke, Thomas A and Lakdawala, Seema S and
              Lowe, John J and Marr, Linsey C and Prather, Kimberly A and
              Shelton-Davenport, Marilee and Volckens, John",
  journal  = "Proc. Natl. Acad. Sci. U. S. A.",
  volume   =  118,
  number   =  45,
  month    =  nov,
  year     =  2021,
  keywords = "HeterogeneousSuperspreading",
  language = "en",
  issn     = "0027-8424, 1091-6490",
  pmid     = "34728564",
  doi      = "10.1073/pnas.2116155118"
}

@ARTICLE{Stohner2021-jo,
  title    = "Does exhaled aerosol increase with {COVID-19} infection correlate
              with body mass index-years?",
  author   = "Stohner, J{\"u}rgen",
  journal  = "Proc. Natl. Acad. Sci. U. S. A.",
  volume   =  118,
  number   =  27,
  month    =  jul,
  year     =  2021,
  keywords = "HeterogeneousSuperspreading",
  language = "en",
  issn     = "0027-8424, 1091-6490",
  pmid     = "34187894",
  doi      = "10.1073/pnas.2106088118",
  pmc      = "PMC8271595"
}

@ARTICLE{Brown2021-wu,
  title    = "A simple model for control of {COVID-19} infections on an urban
              campus",
  author   = "Brown, Robert A",
  journal  = "Proc. Natl. Acad. Sci. U. S. A.",
  volume   =  118,
  number   =  36,
  month    =  sep,
  year     =  2021,
  keywords = "COVID-19; infection modeling; surveillance
              testing;HeterogeneousSuperspreading",
  language = "en",
  issn     = "0027-8424, 1091-6490",
  pmid     = "34475214",
  doi      = "10.1073/pnas.2105292118",
  pmc      = "PMC8433581"
}

@ARTICLE{Cvijovic2011-ml,
  title    = "New identities for the partial Bell polynomials",
  author   = "Cvijovi{\'c}, Djurdje",
  journal  = "Appl. Math. Lett.",
  volume   =  24,
  number   =  9,
  pages    = "1544--1547",
  month    =  sep,
  year     =  2011,
  keywords = "Partial Bell polynomial; Recurrence relation; Stirling number of
              the second kind;HeterogeneousSuperspreading",
  issn     = "0893-9659",
  doi      = "10.1016/j.aml.2011.03.043"
}

@ARTICLE{Dwass1969-gs,
  title     = "The total progeny in a branching process and a related random
               walk",
  author    = "Dwass, Meyer",
  journal   = "J. Appl. Probab.",
  publisher = "Cambridge University Press",
  volume    =  6,
  number    =  3,
  pages     = "682--686",
  month     =  dec,
  year      =  1969,
  keywords  = "HeterogeneousSuperspreading",
  issn      = "0021-9002, 1475-6072",
  doi       = "10.2307/3212112"
}

@BOOK{Del_Puerto2016-ij,
  title     = "Branching Processes and Their Applications",
  author    = "Del Puerto, Ines and Gonz{\'a}lez, Miguel and P{\'e}rez,
               Cristina Guti{\'e}rrez and Ramos, Alfonso",
  publisher = "Springer International Publishing",
  volume    =  219,
  month     =  jan,
  year      =  2016,
  keywords  = "HeterogeneousSuperspreading",
  isbn      = "9783319316413",
  doi       = "10.1007/978-3-319-31641-3"
}

@ARTICLE{Johnson2002-nq,
  title     = "The Curious History of Fa{\`a} di Bruno's Formula",
  author    = "Johnson, Warren P",
  journal   = "Am. Math. Mon.",
  publisher = "Taylor \& Francis",
  volume    =  109,
  number    =  3,
  pages     = "217--234",
  month     =  mar,
  year      =  2002,
  keywords  = "HeterogeneousSuperspreading",
  issn      = "0002-9890",
  doi       = "10.1080/00029890.2002.11919857"
}

@INCOLLECTION{Yan2008-jc,
  title     = "Distribution Theory, Stochastic Processes and Infectious Disease
               Modelling",
  booktitle = "Lecture Notes in Mathematical Epidemiology",
  author    = "Yan, Ping",
  editor    = "Brauer, Fred and van den Driessche, P and Wu, Jianhong",
  publisher = "Springer",
  pages     = "229--293",
  month     =  jan,
  year      =  2008,
  keywords  = "citation-265887931.bib;HeterogeneousSuperspreading"
}

@ARTICLE{Garske2008-ax,
  title    = "The effect of superspreading on epidemic outbreak size
              distributions",
  author   = "Garske, T and Rhodes, C J",
  journal  = "J. Theor. Biol.",
  volume   =  253,
  number   =  2,
  pages    = "228--237",
  month    =  jul,
  year     =  2008,
  keywords = "HeterogeneousSuperspreading",
  language = "en",
  issn     = "0022-5193, 1095-8541",
  pmid     = "18423673",
  doi      = "10.1016/j.jtbi.2008.02.038"
}

@ARTICLE{Hay2021-ek,
  title    = "Estimating epidemiologic dynamics from cross-sectional viral load
              distributions",
  author   = "Hay, James A and Kennedy-Shaffer, Lee and Kanjilal, Sanjat and
              Lennon, Niall J and Gabriel, Stacey B and Lipsitch, Marc and
              Mina, Michael J",
  journal  = "Science",
  volume   =  373,
  number   =  6552,
  month    =  jul,
  year     =  2021,
  keywords = "HeterogeneousSuperspreading",
  language = "en",
  issn     = "0036-8075, 1095-9203",
  pmid     = "34083451",
  doi      = "10.1126/science.abh0635",
  pmc      = "PMC8527857"
}

@UNPUBLISHED{Ke2020-qu,
  title       = "Kinetics of {SARS-CoV-2} infection in the human upper and
                 lower respiratory tracts and their relationship with
                 infectiousness",
  author      = "Ke, Ruian and Zitzmann, Carolin and Ribeiro, Ruy M and
                 Perelson, Alan S",
  journal     = "bioRxiv",
  institution = "medRxiv",
  month       =  sep,
  year        =  2020,
  keywords    = "HeterogeneousSuperspreading",
  doi         = "10.1101/2020.09.25.20201772"
}

@ARTICLE{McCormick2021-mt,
  title    = "The emerging plasticity of {SARS-CoV-2}",
  author   = "McCormick, Kevin D and Jacobs, Jana L and Mellors, John W",
  journal  = "Science",
  volume   =  371,
  number   =  6536,
  pages    = "1306--1308",
  month    =  mar,
  year     =  2021,
  keywords = "HeterogeneousSuperspreading",
  language = "en",
  issn     = "0036-8075, 1095-9203",
  pmid     = "33766871",
  doi      = "10.1126/science.abg4493"
}

@ARTICLE{Kissler2021-ep,
  title    = "Viral dynamics of acute {SARS-CoV-2} infection and applications
              to diagnostic and public health strategies",
  author   = "Kissler, Stephen M and Fauver, Joseph R and Mack, Christina and
              Olesen, Scott W and Tai, Caroline and Shiue, Kristin Y and
              Kalinich, Chaney C and Jednak, Sarah and Ott, Isabel M and
              Vogels, Chantal B F and Wohlgemuth, Jay and Weisberger, James and
              DiFiori, John and Anderson, Deverick J and Mancell, Jimmie and
              Ho, David D and Grubaugh, Nathan D and Grad, Yonatan H",
  journal  = "PLoS Biol.",
  volume   =  19,
  number   =  7,
  pages    = "e3001333",
  month    =  jul,
  year     =  2021,
  keywords = "HeterogeneousSuperspreading",
  language = "en",
  issn     = "1544-9173, 1545-7885",
  pmid     = "34252080",
  doi      = "10.1371/journal.pbio.3001333",
  pmc      = "PMC8297933"
}

@ARTICLE{Ludwig1975-jd,
  title    = "Final size distribution for epidemics",
  author   = "Ludwig, Donald",
  journal  = "Math. Biosci.",
  volume   =  23,
  number   =  1,
  pages    = "33--46",
  month    =  feb,
  year     =  1975,
  keywords = "HeterogeneousSuperspreading",
  issn     = "0025-5564",
  doi      = "10.1016/0025-5564(75)90119-4"
}

@ARTICLE{Von_Bahr1980-pu,
  title     = "Threshold Limit Theorems for Some Epidemic Processes",
  author    = "Von Bahr, Bengt and Martin-L{\"o}f, Anders",
  journal   = "Adv. Appl. Probab.",
  publisher = "Applied Probability Trust",
  volume    =  12,
  number    =  2,
  pages     = "319--349",
  year      =  1980,
  keywords  = "HeterogeneousSuperspreading",
  issn      = "0001-8678",
  doi       = "10.2307/1426600"
}

@ARTICLE{Karlis2005-az,
  title     = "Mixed Poisson Distributions",
  author    = "Karlis, Dimitris and Xekalaki, Evdokia",
  journal   = "Int. Stat. Rev.",
  publisher = "[Wiley, International Statistical Institute (ISI)]",
  volume    =  73,
  number    =  1,
  pages     = "35--58",
  year      =  2005,
  keywords  = "HeterogeneousSuperspreading",
  issn      = "0306-7734, 1751-5823"
}

@MISC{Rajala2019-hs,
  title        = "{antiphon/BellB}: Evaluation of the Bell polynomial",
  author       = "Rajala, Tuomas",
  month        =  may,
  year         =  2019,
  howpublished = "\url{https://rdrr.io/github/antiphon/BellB/}",
  note         = "Accessed: 2022-3-22",
  keywords     = "HeterogeneousSuperspreading",
  language     = "en"
}

@ARTICLE{Jansen2003-jb,
  title    = "Measles outbreaks in a population with declining vaccine uptake",
  author   = "Jansen, V A A and Stollenwerk, N and Jensen, H J and Ramsay, M E
              and Edmunds, W J and Rhodes, C J",
  journal  = "Science",
  volume   =  301,
  number   =  5634,
  pages    = "804",
  month    =  aug,
  year     =  2003,
  keywords = "Child; Disease Outbreaks; Disease Susceptibility; England;
              England: epidemiology; Humans; Immunization Programs; Measles;
              Measles-Mumps-Rubella Vaccine; Measles-Mumps-Rubella Vaccine:
              administration \& do; Measles-Mumps-Rubella Vaccine: adverse
              effects; Measles: epidemiology; Measles: prevention \& control;
              Measles: transmission; Nonlinear Dynamics; Stochastic Processes;
              Vaccination; Vaccination: adverse effects; Wales; Wales:
              epidemiology;Miscellaneous;HeterogeneousSuperspreading",
  issn     = "0036-8075, 1095-9203",
  pmid     = "12907792",
  doi      = "10.1126/science.1086726"
}

@ARTICLE{Wang2021-ld,
  title     = "Airborne transmission of respiratory viruses",
  author    = "Wang, Chia C and Prather, Kimberly A and Sznitman, Josu{\'e} and
               Jimenez, Jose L and Lakdawala, Seema S and Tufekci, Zeynep and
               Marr, Linsey C",
  journal   = "Science",
  publisher = "American Association for the Advancement of Science (AAAS)",
  volume    =  373,
  number    =  6558,
  pages     = "eabd9149",
  month     =  aug,
  year      =  2021,
  keywords  = "HeterogeneousSuperspreading",
  copyright = "https://creativecommons.org/licenses/by/4.0/",
  language  = "en",
  issn      = "0036-8075, 1095-9203",
  pmid      = "34446582",
  doi       = "10.1126/science.abd9149",
  pmc       = "PMC8721651"
}

@ARTICLE{Leung2021-sq,
  title    = "Transmissibility and transmission of respiratory viruses",
  author   = "Leung, Nancy H L",
  journal  = "Nat. Rev. Microbiol.",
  volume   =  19,
  number   =  8,
  pages    = "528--545",
  month    =  aug,
  year     =  2021,
  keywords = "HeterogeneousSuperspreading",
  language = "en",
  issn     = "1740-1526, 1740-1534",
  pmid     = "33753932",
  doi      = "10.1038/s41579-021-00535-6",
  pmc      = "PMC7982882"
}

@ARTICLE{Meyerowitz2020-sj,
  title    = "Transmission of {SARS-CoV-2}: A Review of Viral, Host, and
              Environmental Factors",
  author   = "Meyerowitz, Eric A and Richterman, Aaron and Gandhi, Rajesh T and
              Sax, Paul E",
  journal  = "Ann. Intern. Med.",
  month    =  sep,
  year     =  2020,
  keywords = "HeterogeneousSuperspreading",
  language = "en",
  issn     = "0003-4819, 1539-3704",
  pmid     = "32941052",
  doi      = "10.7326/M20-5008",
  pmc      = "PMC7505025"
}
